
@inproceedings{Rastogi_2017,
	doi = {10.1145/3106237.3106271},
	url = {https://doi.org/10.1145\%2F3106237.3106271},
	year = 2017,
	month = {aug},
	publisher = {{ACM}},
	author = {Vaibhav Rastogi and Drew Davidson and Lorenzo De Carli and Somesh Jha and Patrick McDaniel},
	title = {Cimplifier: automatically debloating containers},
	booktitle = {Proceedings of the 2017 11th Joint Meeting on Foundations of Software Engineering}
}


@inproceedings{Bruce_2020,
	doi = {10.1145/3368089.3409738},
	url = {https://doi.org/10.1145\%2F3368089.3409738},
	year = 2020,
	month = {nov},
	publisher = {{ACM}},
	author = {Bobby R. Bruce and Tianyi Zhang and Jaspreet Arora and Guoqing Harry Xu and Miryung Kim},
	title = {{JShrink}: in-depth investigation into debloating modern Java applications},
	booktitle = {Proceedings of the 28th {ACM} Joint Meeting on European Software Engineering Conference and Symposium on the Foundations of Software Engineering}
}
